<collection xmlns="http://www.loc.gov/MARC21/slim">
<record>
  <leader>00286na 0a22000851i 450 </leader>
  <controlfield tag="001">IT\ICCU\CNCE\068740</controlfield>
  <controlfield tag="005">20061103000000.0</controlfield>
  <datafield tag="100" ind1=" " ind2=" ">
    <subfield code="a">20061103             0itac0103    ba</subfield>
  </datafield>
  <datafield tag="200" ind1="1" ind2=" ">
    <subfield code="a">℗Vno ℗libro vtilissimo, a chi se dileta de intendere todescho, dechiarando in lingua taliana</subfield>
  </datafield>
  <datafield tag="801" ind1=" " ind2="3">
    <subfield code="a">IT</subfield>
    <subfield code="b">ICCU</subfield>
    <subfield code="c">20201115</subfield>
  </datafield>
</record>
</collection>
